<?xml version="1.0" encoding="UTF-8"?><collection xmlns="http://www.loc.gov/MARC21/slim"><record><leader>00455nam--2200181-i-4500</leader><controlfield tag="001">000022055</controlfield><controlfield tag="002">20161230</controlfield><controlfield tag="005">20161230201034</controlfield><controlfield tag="008">060222s1000------------r-----000-0-eng-d</controlfield><datafield ind1=" " ind2=" " tag="040"><subfield code="a">IFIN-HH</subfield></datafield><datafield ind1=" " ind2=" " tag="080"><subfield code="a">53</subfield></datafield><datafield ind1="1" ind2=" " tag="100"><subfield code="a">Smith, A.W</subfield></datafield><datafield ind1="1" ind2="0" tag="245"><subfield code="a">Careers in physics</subfield><subfield code="c">A.w. smith, w.l. hole</subfield></datafield><datafield ind1=" " ind2=" " tag="260"><subfield code="a">Columbus, Ohio</subfield><subfield code="b">Long`S College Book Co</subfield><subfield code="c">1960</subfield></datafield><datafield ind1=" " ind2=" " tag="300"><subfield code="a">XII + 310P</subfield></datafield><datafield ind1="1" ind2=" " tag="700"><subfield code="a">Hole, W.L</subfield></datafield><datafield ind1=" " ind2=" " tag="852"><subfield code="a">17055</subfield><subfield code="c">53</subfield></datafield><datafield ind1=" " ind2=" " tag="CAT"><subfield code="a">Sys</subfield><subfield code="c">20150217</subfield><subfield code="h">180837</subfield></datafield></record></collection>